<?xml version="1.0" encoding="UTF-8"?>
<!DOCTYPE html PUBLIC "-//W3C//DTD XHTML 1.0 Transitional//EN"
    "http://www.w3.org/TR/xhtml1/DTD/xhtml1-transitional.dtd">
<html xmlns="http://www.w3.org/1999/xhtml" xml:lang="en" lang="en">
 <head>
  <title>
</title>
<meta http-equiv="Content-Type" content="text/html;charset=utf-8" />
  <meta name='ocr-system' content='tesseract 3.04.00' />
  <meta name='ocr-capabilities' content='ocr_page ocr_carea ocr_par ocr_line ocrx_word'/>
</head>
<body>
  <div class='ocr_page' id='page_1' title='image "./djuniijuvenalis01despgoog_0015.png"; bbox 0 0 2932 4968; ppageno 0'>
   <div class='ocr_carea' id='block_1_1' title="bbox 281 259 2350 844">
    <p class='ocr_par' dir='ltr' id='par_1_1' title="bbox 281 259 2350 844">
     <span class='ocr_line' id='line_1_1' title="bbox 1210 259 1941 450; baseline 0 -73"><span class='ocrx_word' id='word_1_1' title='bbox 1210 260 1269 377; x_wconf 80' lang='grc'>[’</span> <span class='ocrx_word' id='word_1_2' title='bbox 1356 263 1445 348; x_wconf 67' lang='lat'>¹³</span> <span class='ocrx_word' id='word_1_3' title='bbox 1548 259 1592 377; x_wconf 80' lang='lat' dir='ltr'>J</span> <span class='ocrx_word' id='word_1_4' title='bbox 1907 322 1941 450; x_wconf 28' lang='grc' dir='ltr'>ζ</span> 
     </span>
     <span class='ocr_line' id='line_1_2' title="bbox 281 672 2350 844; baseline 0.001 -49"><span class='ocrx_word' id='word_1_5' title='bbox 281 716 289 721; x_wconf 88' lang='grc'><em>·</em></span> <span class='ocrx_word' id='word_1_6' title='bbox 441 676 639 806; x_wconf 63' lang='lat' dir='ltr'><strong>D..</strong></span> <span class='ocrx_word' id='word_1_7' title='bbox 699 672 1002 844; x_wconf 75' lang='lat' dir='ltr'>&#39;Junii</span> <span class='ocrx_word' id='word_1_8' title='bbox 1055 675 1657 843; x_wconf 72' lang='lat' dir='ltr'>‘juvenalis</span> <span class='ocrx_word' id='word_1_9' title='bbox 1759 673 2350 841; x_wconf 79' lang='lat' dir='ltr'>Aquinatis</span> 
     </span>
    </p>
   </div>
   <div class='ocr_carea' id='block_1_2' title="bbox 540 1110 2462 1433">
    <p class='ocr_par' dir='ltr' id='par_1_2' title="bbox 540 1032 2462 1433">
     <span class='ocr_line' id='line_1_3' title="bbox 540 1110 2462 1433; baseline 0.001 -154"><span class='ocrx_word' id='word_1_10' title='bbox 540 1111 727 1279; x_wconf 80' lang='lat' dir='ltr'>v</span> <span class='ocrx_word' id='word_1_11' title='bbox 932 1110 1162 1301; x_wconf 72' lang='grc' dir='ltr'>,Ι</span> <span class='ocrx_word' id='word_1_12' title='bbox 1442 1110 1745 1433; x_wconf 99' lang='lat' dir='ltr'>T</span> <span class='ocrx_word' id='word_1_13' title='bbox 2012 1111 2462 1409; x_wconf 88' lang='lat' dir='ltr'>A·</span> 
     </span>
    </p>
   </div>
   <div class='ocr_carea' id='block_1_3' title="bbox 298 1469 2569 1742">
    <p class='ocr_par' dir='ltr' id='par_1_3' title="bbox 298 1469 2569 1742">
     <span class='ocr_line' id='line_1_4' title="bbox 298 1469 2569 1742; baseline 0.001 -137"><span class='ocrx_word' id='word_1_14' title='bbox 298 1469 721 1742; x_wconf 51' lang='grc' dir='ltr'>ΑΨ</span> <span class='ocrx_word' id='word_1_15' title='bbox 734 1528 769 1605; x_wconf 93' lang='lat'>1</span> <span class='ocrx_word' id='word_1_16' title='bbox 787 1527 871 1606; x_wconf 94' lang='lat' dir='ltr'>N</span> <span class='ocrx_word' id='word_1_17' title='bbox 887 1525 1227 1609; x_wconf 78' lang='lat' dir='ltr'>ATEM</span> <span class='ocrx_word' id='word_1_18' title='bbox 1266 1523 1340 1606; x_wconf 87' lang='lat' dir='ltr'>se</span> <span class='ocrx_word' id='word_1_19' title='bbox 1372 1517 1531 1633; x_wconf 76' lang='lat' dir='ltr'>lpse</span> <span class='ocrx_word' id='word_1_20' title='bbox 1568 1521 1884 1607; x_wconf 76' lang='lat' dir='ltr'>testatur</span> <span class='ocrx_word' id='word_1_21' title='bbox 1905 1525 2304 1633; x_wconf 73' lang='lat' dir='ltr'>juvenalis</span> <span class='ocrx_word' id='word_1_22' title='bbox 2322 1496 2569 1608; x_wconf 82' lang='lat' dir='ltr'>Satira</span> 
     </span>
    </p>
   </div>
   <div class='ocr_carea' id='block_1_4' title="bbox 293 1636 2616 1833">
    <p class='ocr_par' dir='ltr' id='par_1_4' title="bbox 293 1636 2616 1833">
     <span class='ocr_line' id='line_1_5' title="bbox 609 1636 2616 1748; baseline 0 -33"><span class='ocrx_word' id='word_1_23' title='bbox 609 1659 655 1748; x_wconf 80' lang='lat'>3</span> <span class='ocrx_word' id='word_1_24' title='bbox 739 1664 891 1723; x_wconf 85' lang='lat' dir='ltr'>ver.</span> <span class='ocrx_word' id='word_1_25' title='bbox 937 1663 1121 1746; x_wconf 76' lang='lat'><strong>319.</strong></span> <span class='ocrx_word' id='word_1_26' title='bbox 1178 1637 1539 1717; x_wconf 78' lang='lat' dir='ltr'>libertino</span> <span class='ocrx_word' id='word_1_27' title='bbox 1596 1636 1916 1746; x_wconf 85' lang='lat' dir='ltr'>quidam</span> <span class='ocrx_word' id='word_1_28' title='bbox 1979 1658 2191 1744; x_wconf 85' lang='lat' dir='ltr'>patre</span> <span class='ocrx_word' id='word_1_29' title='bbox 2253 1659 2580 1733; x_wconf 79' lang='lat' dir='ltr'>natum,</span> <span class='ocrx_word' id='word_1_30' title='bbox 2613 1660 2616 1663; x_wconf 77' lang='grc'>’</span> 
     </span>
     <span class='ocr_line' id='line_1_6' title="bbox 293 1744 2573 1833; baseline -0.001 -2"><span class='ocrx_word' id='word_1_31' title='bbox 293 1748 430 1831; x_wconf 85' lang='lat' dir='ltr'>alii</span> <span class='ocrx_word' id='word_1_32' title='bbox 464 1751 835 1830; x_wconf 77' lang='lat' dir='ltr'>duntaxat</span> <span class='ocrx_word' id='word_1_33' title='bbox 865 1749 972 1830; x_wconf 87' lang='lat' dir='ltr'>ab</span> <span class='ocrx_word' id='word_1_34' title='bbox 992 1776 1088 1827; x_wconf 84' lang='lat' dir='ltr'>eo</span> <span class='ocrx_word' id='word_1_35' title='bbox 1118 1744 1542 1833; x_wconf 80' lang='lat' dir='ltr'>educatum</span> <span class='ocrx_word' id='word_1_36' title='bbox 1573 1749 1978 1828; x_wconf 80' lang='lat' dir='ltr'>referunt.</span> <span class='ocrx_word' id='word_1_37' title='bbox 2050 1749 2426 1833; x_wconf 76' lang='lat' dir='ltr'>Eruditus</span> <span class='ocrx_word' id='word_1_38' title='bbox 2462 1748 2573 1829; x_wconf 88' lang='lat' dir='ltr'>est</span> 
     </span>
    </p>
   </div>
   <div class='ocr_carea' id='block_1_5' title="bbox 296 1848 2578 2078">
    <p class='ocr_par' dir='ltr' id='par_1_5' title="bbox 296 1848 2578 2078">
     <span class='ocr_line' id='line_1_7' title="bbox 296 1848 2576 1966; baseline -0.002 -24"><span class='ocrx_word' id='word_1_39' title='bbox 296 1890 348 1942; x_wconf 85' lang='lat' dir='ltr'>a</span> <span class='ocrx_word' id='word_1_40' title='bbox 405 1863 801 1940; x_wconf 83' lang='lat' dir='ltr'>Frontone</span> <span class='ocrx_word' id='word_1_41' title='bbox 876 1848 1468 1951; x_wconf 69' lang='lat' dir='ltr'>Grammaticoz</span> <span class='ocrx_word' id='word_1_42' title='bbox 1559 1886 1603 1939; x_wconf 85' lang='lat' dir='ltr'>a</span> <span class='ocrx_word' id='word_1_43' title='bbox 1675 1856 2166 1966; x_wconf 78' lang='lat' dir='ltr'>Qintiliano</span> <span class='ocrx_word' id='word_1_44' title='bbox 2229 1858 2576 1955; x_wconf 82' lang='lat' dir='ltr'>Rhetore</span> 
     </span>
     <span class='ocr_line' id='line_1_8' title="bbox 302 1919 2578 2078; baseline -0.002 -24"><span class='ocrx_word' id='word_1_45' title='bbox 302 1973 572 2069; x_wconf 77' lang='lat' dir='ltr'>etiam,</span> <span class='ocrx_word' id='word_1_46' title='bbox 628 1991 720 2051; x_wconf 84' lang='lat' dir='ltr'>ut</span> <span class='ocrx_word' id='word_1_47' title='bbox 770 1973 1047 2051; x_wconf 86' lang='lat' dir='ltr'>volunt</span> <span class='ocrx_word' id='word_1_48' title='bbox 1105 1919 1491 2050; x_wconf 84' lang='lat' dir='ltr'><strong>nonnulli.</strong></span> <span class='ocrx_word' id='word_1_49' title='bbox 1599 1967 1834 2050; x_wconf 82' lang='lat' dir='ltr'><strong>Certe</strong></span> <span class='ocrx_word' id='word_1_50' title='bbox 1891 1970 2022 2050; x_wconf 81' lang='lat' dir='ltr'>hic</span> <span class='ocrx_word' id='word_1_51' title='bbox 2061 1972 2152 2051; x_wconf 78' lang='lat' dir='ltr'>de</span> <span class='ocrx_word' id='word_1_52' title='bbox 2199 1967 2578 2078; x_wconf 81' lang='lat' dir='ltr'>Juvenale</span> 
     </span>
    </p>
   </div>
   <div class='ocr_carea' id='block_1_6' title="bbox 214 2080 2577 2298">
    <p class='ocr_par' dir='ltr' id='par_1_6' title="bbox 214 2080 2577 2298">
     <span class='ocr_line' id='line_1_9' title="bbox 214 2080 2577 2191; baseline -0.001 -29"><span class='ocrx_word' id='word_1_53' title='bbox 214 2116 219 2123; x_wconf 91' lang='lat'><strong>·</strong></span> <span class='ocrx_word' id='word_1_54' title='bbox 305 2083 593 2167; x_wconf 81' lang='lat' dir='ltr'>dicitur</span> <span class='ocrx_word' id='word_1_55' title='bbox 632 2081 887 2191; x_wconf 75' lang='lat' dir='ltr'>loqui</span> <span class='ocrx_word' id='word_1_56' title='bbox 910 2082 1045 2161; x_wconf 85' lang='lat' dir='ltr'><strong>lib.</strong></span> <span class='ocrx_word' id='word_1_57' title='bbox 1097 2109 1215 2160; x_wconf 91' lang='lat'><strong>10.</strong></span> <span class='ocrx_word' id='word_1_58' title='bbox 1252 2109 1422 2189; x_wconf 85' lang='lat' dir='ltr'>cap.</span> <span class='ocrx_word' id='word_1_59' title='bbox 1478 2108 1545 2161; x_wconf 87' lang='lat'><strong>1.</strong></span> <span class='ocrx_word' id='word_1_60' title='bbox 1613 2082 1748 2161; x_wconf 75' lang='lat' dir='ltr'>ubi</span> <span class='ocrx_word' id='word_1_61' title='bbox 1806 2080 2191 2188; x_wconf 80' lang='lat' dir='ltr'>Satyricos</span> <span class='ocrx_word' id='word_1_62' title='bbox 2256 2083 2577 2163; x_wconf 77' lang='lat' dir='ltr'>laudans</span> 
     </span>
     <span class='ocr_line' id='line_1_10' title="bbox 308 2189 2577 2298; baseline -0.001 -25"><span class='ocrx_word' id='word_1_63' title='bbox 308 2195 584 2275; x_wconf 83' lang='lat' dir='ltr'>Poetas</span> <span class='ocrx_word' id='word_1_64' title='bbox 622 2193 801 2271; x_wconf 85' lang='lat' dir='ltr'>Sunt</span> <span class='ocrx_word' id='word_1_65' title='bbox 835 2192 1023 2272; x_wconf 81' lang='lat' dir='ltr'>clari</span> <span class='ocrx_word' id='word_1_66' title='bbox 1045 2189 1248 2270; x_wconf 85' lang='lat' dir='ltr'>hodie</span> <span class='ocrx_word' id='word_1_67' title='bbox 1285 2219 1572 2298; x_wconf 83' lang='lat' dir='ltr'>quoque,</span> <span class='ocrx_word' id='word_1_68' title='bbox 1636 2195 1724 2272; x_wconf 63' lang='grc' dir='ltr'>ἔθ’</span> <span class='ocrx_word' id='word_1_69' title='bbox 1759 2193 1881 2297; x_wconf 70' lang='lat' dir='ltr'>qai</span> <span class='ocrx_word' id='word_1_70' title='bbox 1918 2190 2077 2271; x_wconf 83' lang='lat' dir='ltr'>olim</span> <span class='ocrx_word' id='word_1_71' title='bbox 2115 2193 2577 2271; x_wconf 77' lang='lat' dir='ltr'>nominabun-</span> 
     </span>
    </p>
   </div>
   <div class='ocr_carea' id='block_1_7' title="bbox 308 2300 2664 3648">
    <p class='ocr_par' dir='ltr' id='par_1_7' title="bbox 308 2300 2578 2521">
     <span class='ocr_line' id='line_1_11' title="bbox 310 2300 2578 2428; baseline -0 -46"><span class='ocrx_word' id='word_1_72' title='bbox 310 2322 477 2382; x_wconf 81' lang='lat' dir='ltr'>tur.</span> <span class='ocrx_word' id='word_1_73' title='bbox 590 2300 895 2382; x_wconf 82' lang='lat' dir='ltr'>Floruit</span> <span class='ocrx_word' id='word_1_74' title='bbox 935 2301 1071 2382; x_wconf 90' lang='lat' dir='ltr'>sub</span> <span class='ocrx_word' id='word_1_75' title='bbox 1110 2301 1704 2428; x_wconf 82' lang='lat' dir='ltr'>Imperatoribus</span> <span class='ocrx_word' id='word_1_76' title='bbox 1744 2303 2226 2399; x_wconf 85' lang='lat' dir='ltr'>Domitian0‚</span> <span class='ocrx_word' id='word_1_77' title='bbox 2289 2305 2578 2402; x_wconf 84' lang='lat' dir='ltr'>Nerva,</span> 
     </span>
     <span class='ocr_line' id='line_1_12' title="bbox 308 2412 2454 2521; baseline -0.001 -25"><span class='ocrx_word' id='word_1_78' title='bbox 308 2415 684 2521; x_wconf 85' lang='lat' dir='ltr'>Trajano,</span> <span class='ocrx_word' id='word_1_79' title='bbox 743 2414 1136 2495; x_wconf 86' lang='lat' dir='ltr'>Hadriano</span> <span class='ocrx_word' id='word_1_80' title='bbox 1171 2413 1431 2512; x_wconf 84' lang='lat' dir='ltr'>etiam,</span> <span class='ocrx_word' id='word_1_81' title='bbox 1451 2434 1567 2494; x_wconf 78' lang='lat' dir='ltr'>ut</span> <span class='ocrx_word' id='word_1_82' title='bbox 1601 2442 1699 2496; x_wconf 83' lang='lat' dir='ltr'>ex</span> <span class='ocrx_word' id='word_1_83' title='bbox 1739 2414 1972 2495; x_wconf 86' lang='lat' dir='ltr'>Notis</span> <span class='ocrx_word' id='word_1_84' title='bbox 2011 2412 2454 2495; x_wconf 88' lang='lat' dir='ltr'>constabit.</span> 
     </span>
    </p>

    <p class='ocr_par' dir='ltr' id='par_1_8' title="bbox 318 2524 2664 3635">
     <span class='ocr_line' id='line_1_13' title="bbox 360 2524 2664 2656; baseline -0.002 -48.882"><span class='ocrx_word' id='word_1_85' title='bbox 360 2528 505 2634; x_wconf 89' lang='lat' dir='ltr'><strong>·.J</strong></span> <span class='ocrx_word' id='word_1_86' title='bbox 556 2526 863 2632; x_wconf 85' lang='lat' dir='ltr'>Lipfius</span> <span class='ocrx_word' id='word_1_87' title='bbox 899 2524 1295 2656; x_wconf 72' lang='lat' dir='ltr'>Epistolic.</span> <span class='ocrx_word' id='word_1_88' title='bbox 1341 2525 1631 2649; x_wconf 83' lang='lat' dir='ltr'><strong>Quaest.</strong></span> <span class='ocrx_word' id='word_1_89' title='bbox 1671 2525 1848 2606; x_wconf 88' lang='lat' dir='ltr'><strong>Lib.</strong></span> <span class='ocrx_word' id='word_1_90' title='bbox 1890 2554 1964 2625; x_wconf 89' lang='lat'>4.</span> <span class='ocrx_word' id='word_1_91' title='bbox 2004 2525 2242 2635; x_wconf 87' lang='lat' dir='ltr'>Epist.</span> <span class='ocrx_word' id='word_1_92' title='bbox 2289 2555 2415 2606; x_wconf 87' lang='lat'>20.</span> <span class='ocrx_word' id='word_1_93' title='bbox 2454 2524 2583 2608; x_wconf 84' lang='lat' dir='ltr'>De</span> <span class='ocrx_word' id='word_1_94' title='bbox 2661 2539 2664 2542; x_wconf 72' lang='grc'>“</span> 
     </span>
     <span class='ocr_line' id='line_1_14' title="bbox 318 2634 2585 2763; baseline -0 -47"><span class='ocrx_word' id='word_1_95' title='bbox 318 2634 711 2763; x_wconf 80' lang='lat' dir='ltr'>Juvenalis</span> <span class='ocrx_word' id='word_1_96' title='bbox 759 2655 984 2718; x_wconf 80' lang='lat' dir='ltr'>aetate</span> <span class='ocrx_word' id='word_1_97' title='bbox 1019 2665 1152 2716; x_wconf 78' lang='lat' dir='ltr'>non</span> <span class='ocrx_word' id='word_1_98' title='bbox 1189 2636 1291 2713; x_wconf 84' lang='lat' dir='ltr'>ab</span> <span class='ocrx_word' id='word_1_99' title='bbox 1339 2645 1418 2715; x_wconf 76' lang='lat' dir='ltr'>r&#39;e</span> <span class='ocrx_word' id='word_1_100' title='bbox 1454 2637 1853 2736; x_wconf 81' lang='lat' dir='ltr'>dubitatur,</span> <span class='ocrx_word' id='word_1_101' title='bbox 1912 2639 2189 2747; x_wconf 87' lang='lat' dir='ltr'>inquit.</span> <span class='ocrx_word' id='word_1_102' title='bbox 2305 2639 2585 2716; x_wconf 87' lang='lat' dir='ltr'>Decla-</span> 
     </span>
     <span class='ocr_line' id='line_1_15' title="bbox 319 2699 2588 2859; baseline -0 -31"><span class='ocrx_word' id='word_1_103' title='bbox 319 2746 563 2828; x_wconf 87' lang='lat' dir='ltr'>mavit</span> <span class='ocrx_word' id='word_1_104' title='bbox 593 2748 685 2827; x_wconf 87' lang='lat' dir='ltr'>ad</span> <span class='ocrx_word' id='word_1_105' title='bbox 717 2747 1052 2826; x_wconf 86' lang='lat' dir='ltr'>mediam</span> <span class='ocrx_word' id='word_1_106' title='bbox 1083 2747 1236 2826; x_wconf 88' lang='lat' dir='ltr'>fere</span> <span class='ocrx_word' id='word_1_107' title='bbox 1260 2768 1599 2843; x_wconf 79' lang='lat' dir='ltr'>aetatem‚</span> <span class='ocrx_word' id='word_1_108' title='bbox 1643 2699 2118 2859; x_wconf 69' lang='lat' dir='ltr'>forelisesque</span> <span class='ocrx_word' id='word_1_109' title='bbox 2135 2746 2399 2829; x_wconf 80' lang='lat' dir='ltr'>causas</span> <span class='ocrx_word' id='word_1_110' title='bbox 2428 2748 2588 2859; x_wconf 87' lang='lat' dir='ltr'>egit</span> 
     </span>
     <span class='ocr_line' id='line_1_16' title="bbox 321 2857 2589 2986; baseline 0 -48"><span class='ocrx_word' id='word_1_111' title='bbox 321 2888 485 2939; x_wconf 88' lang='lat' dir='ltr'>non</span> <span class='ocrx_word' id='word_1_112' title='bbox 523 2860 677 2938; x_wconf 78' lang='lat' dir='ltr'>fi‘ne</span> <span class='ocrx_word' id='word_1_113' title='bbox 713 2857 934 2936; x_wconf 87' lang='lat' dir='ltr'>laude</span> <span class='ocrx_word' id='word_1_114' title='bbox 972 2864 1050 2939; x_wconf 85' lang='lat'>&amp;</span> <span class='ocrx_word' id='word_1_115' title='bbox 1114 2858 1376 2967; x_wconf 83' lang='lat' dir='ltr'>gloria.</span> <span class='ocrx_word' id='word_1_116' title='bbox 1488 2858 1756 2986; x_wconf 74' lang='lat' dir='ltr'>Postea</span> <span class='ocrx_word' id='word_1_117' title='bbox 1793 2860 1885 2939; x_wconf 86' lang='lat' dir='ltr'>ad</span> <span class='ocrx_word' id='word_1_118' title='bbox 1923 2860 2200 2941; x_wconf 85' lang='lat' dir='ltr'>Satiras</span> <span class='ocrx_word' id='word_1_119' title='bbox 2268 2889 2589 2968; x_wconf 87' lang='lat' dir='ltr'>compo-</span> 
     </span>
     <span class='ocr_line' id='line_1_17' title="bbox 325 2969 2593 3078; baseline -0.001 -27"><span class='ocrx_word' id='word_1_120' title='bbox 325 2969 623 3058; x_wconf 86' lang='lat' dir='ltr'>nendas</span> <span class='ocrx_word' id='word_1_121' title='bbox 677 2969 1019 3048; x_wconf 84' lang='lat' dir='ltr'>animam</span> <span class='ocrx_word' id='word_1_122' title='bbox 1075 2971 1397 3078; x_wconf 82' lang='lat' dir='ltr'><strong>appulit.</strong></span> <span class='ocrx_word' id='word_1_123' title='bbox 1512 2975 1624 3051; x_wconf 89' lang='lat' dir='ltr'>At</span> <span class='ocrx_word' id='word_1_124' title='bbox 1683 2971 1764 3052; x_wconf 89' lang='lat' dir='ltr'>in</span> <span class='ocrx_word' id='word_1_125' title='bbox 1821 2970 2175 3054; x_wconf 81' lang='lat' dir='ltr'>Paridem</span> <span class='ocrx_word' id='word_1_126' title='bbox 2253 2971 2593 3052; x_wconf 81' lang='lat' dir='ltr'>mimum</span> 
     </span>
     <span class='ocr_line' id='line_1_18' title="bbox 326 3080 2598 3208; baseline -0 -48"><span class='ocrx_word' id='word_1_127' title='bbox 326 3080 583 3160; x_wconf 84' lang='lat' dir='ltr'>versus</span> <span class='ocrx_word' id='word_1_128' title='bbox 620 3080 991 3189; x_wconf 82' lang='lat' dir='ltr'>quosdam</span> <span class='ocrx_word' id='word_1_129' title='bbox 1027 3109 1186 3160; x_wconf 81' lang='lat' dir='ltr'>non</span> <span class='ocrx_word' id='word_1_130' title='bbox 1251 3081 1608 3162; x_wconf 83' lang='lat' dir='ltr'>absurdos</span> <span class='ocrx_word' id='word_1_131' title='bbox 1668 3107 1854 3162; x_wconf 87' lang='lat' dir='ltr'>cum</span> <span class='ocrx_word' id='word_1_132' title='bbox 1890 3080 2363 3208; x_wconf 72' lang='lat' dir='ltr'>publicasset,</span> <span class='ocrx_word' id='word_1_133' title='bbox 2424 3084 2598 3164; x_wconf 79' lang='lat' dir='ltr'>Do·</span> 
     </span>
     <span class='ocr_line' id='line_1_19' title="bbox 329 3187 2592 3275; baseline 0.001 -5"><span class='ocrx_word' id='word_1_134' title='bbox 329 3191 747 3271; x_wconf 83' lang='lat' dir='ltr'>mitianum</span> <span class='ocrx_word' id='word_1_135' title='bbox 786 3187 1171 3270; x_wconf 88' lang='lat' dir='ltr'>histrionis</span> <span class='ocrx_word' id='word_1_136' title='bbox 1210 3190 1419 3273; x_wconf 81' lang='lat' dir='ltr'>istius</span> <span class='ocrx_word' id='word_1_137' title='bbox 1476 3189 1869 3275; x_wconf 80' lang='lat' dir='ltr'>amantem</span> <span class='ocrx_word' id='word_1_138' title='bbox 1913 3193 2116 3275; x_wconf 86' lang='lat' dir='ltr'>haud</span> <span class='ocrx_word' id='word_1_139' title='bbox 2176 3189 2441 3272; x_wconf 83' lang='lat' dir='ltr'>leviter</span> <span class='ocrx_word' id='word_1_140' title='bbox 2471 3192 2592 3273; x_wconf 89' lang='lat' dir='ltr'>of-</span> 
     </span>
     <span class='ocr_line' id='line_1_20' title="bbox 331 3289 2599 3415; baseline 0 -33"><span class='ocrx_word' id='word_1_141' title='bbox 331 3303 602 3396; x_wconf 75' lang='lat' dir='ltr'>fendit.</span> <span class='ocrx_word' id='word_1_142' title='bbox 683 3305 807 3381; x_wconf 89' lang='lat' dir='ltr'>De</span> <span class='ocrx_word' id='word_1_143' title='bbox 845 3301 966 3381; x_wconf 81' lang='lat' dir='ltr'>his</span> <span class='ocrx_word' id='word_1_144' title='bbox 1000 3302 1277 3413; x_wconf 81' lang='lat' dir='ltr'><strong>Sat.7.</strong></span> <span class='ocrx_word' id='word_1_145' title='bbox 1329 3329 1454 3411; x_wconf 83' lang='lat'>15</span> <span class='ocrx_word' id='word_1_146' title='bbox 1514 3307 1591 3380; x_wconf 76' lang='grc' dir='ltr'>ὅτ.</span> <span class='ocrx_word' id='word_1_147' title='bbox 1630 3289 1762 3386; x_wconf 64' lang='grc'>16.</span> <span class='ocrx_word' id='word_1_148' title='bbox 1837 3303 2066 3384; x_wconf 83' lang='lat' dir='ltr'><strong>Illos</strong></span> <span class='ocrx_word' id='word_1_149' title='bbox 2048 3325 2283 3415; x_wconf 80' lang='lat' dir='ltr'>igitur</span> <span class='ocrx_word' id='word_1_150' title='bbox 2311 3303 2599 3410; x_wconf 83' lang='lat' dir='ltr'>pudore</span> 
     </span>
     <span class='ocr_line' id='line_1_21' title="bbox 333 3409 2596 3525; baseline -0.001 -30"><span class='ocrx_word' id='word_1_151' title='bbox 333 3415 452 3495; x_wconf 85' lang='lat'>&amp;</span> <span class='ocrx_word' id='word_1_152' title='bbox 436 3443 544 3492; x_wconf 79' lang='lat' dir='ltr'>ira</span> <span class='ocrx_word' id='word_1_153' title='bbox 564 3414 888 3521; x_wconf 79' lang='lat' dir='ltr'>percitos</span> <span class='ocrx_word' id='word_1_154' title='bbox 918 3414 1010 3493; x_wconf 89' lang='lat' dir='ltr'>de</span> <span class='ocrx_word' id='word_1_155' title='bbox 1029 3415 1404 3522; x_wconf 87' lang='lat' dir='ltr'>Juvenale</span> <span class='ocrx_word' id='word_1_156' title='bbox 1430 3416 1856 3494; x_wconf 85' lang='lat' dir='ltr'>amovendo</span> <span class='ocrx_word' id='word_1_157' title='bbox 1880 3413 2229 3525; x_wconf 74' lang='lat' dir='ltr'>cogitasse</span> <span class='ocrx_word' id='word_1_158' title='bbox 2253 3409 2596 3513; x_wconf 79' lang='lat' dir='ltr'>tradunt,</span> 
     </span>
     <span class='ocr_line' id='line_1_22' title="bbox 334 3523 2604 3648; baseline 0 -43"><span class='ocrx_word' id='word_1_159' title='bbox 334 3547 562 3648; x_wconf 79' lang='lat' dir='ltr'>atque</span> <span class='ocrx_word' id='word_1_160' title='bbox 590 3524 726 3605; x_wconf 87' lang='lat' dir='ltr'>sub</span> <span class='ocrx_word' id='word_1_161' title='bbox 755 3524 1063 3604; x_wconf 88' lang='lat' dir='ltr'>honoris</span> <span class='ocrx_word' id='word_1_162' title='bbox 1092 3527 1413 3605; x_wconf 87' lang='lat' dir='ltr'>obtentu</span> <span class='ocrx_word' id='word_1_163' title='bbox 1440 3523 1819 3635; x_wconf 84' lang='lat' dir='ltr'>re-,legaffe</span> <span class='ocrx_word' id='word_1_164' title='bbox 1876 3528 2327 3635; x_wconf 65' lang='lat' dir='ltr'>praefectum</span> <span class='ocrx_word' id='word_1_165' title='bbox 2378 3555 2604 3606; x_wconf 87' lang='lat' dir='ltr'>nem·</span> 
     </span>
    </p>
   </div>
   <div class='ocr_carea' id='block_1_8' title="bbox 336 3634 2605 3857">
    <p class='ocr_par' dir='ltr' id='par_1_9' title="bbox 336 3634 2605 3857">
     <span class='ocr_line' id='line_1_23' title="bbox 336 3634 2603 3746; baseline 0 -29"><span class='ocrx_word' id='word_1_166' title='bbox 336 3666 431 3744; x_wconf 87' lang='lat' dir='ltr'>pe</span> <span class='ocrx_word' id='word_1_167' title='bbox 469 3634 794 3730; x_wconf 87' lang='lat' dir='ltr'>cohorti,</span> <span class='ocrx_word' id='word_1_168' title='bbox 854 3662 1028 3745; x_wconf 88' lang='lat' dir='ltr'>quae</span> <span class='ocrx_word' id='word_1_169' title='bbox 1065 3635 1148 3715; x_wconf 87' lang='lat' dir='ltr'>in</span> <span class='ocrx_word' id='word_1_170' title='bbox 1184 3638 1597 3746; x_wconf 85' lang='lat' dir='ltr'>Egyptum</span> <span class='ocrx_word' id='word_1_171' title='bbox 1636 3638 2110 3717; x_wconf 85' lang='lat' dir='ltr'>mittebatur.</span> <span class='ocrx_word' id='word_1_172' title='bbox 2208 3638 2603 3717; x_wconf 63' lang='lat' dir='ltr'>Intellecta</span> 
     </span>
     <span class='ocr_line' id='line_1_24' title="bbox 341 3747 2605 3857; baseline 0 -31"><span class='ocrx_word' id='word_1_173' title='bbox 341 3777 516 3828; x_wconf 87' lang='lat' dir='ltr'>vero</span> <span class='ocrx_word' id='word_1_174' title='bbox 578 3748 1050 3857; x_wconf 70' lang='lat' dir='ltr'>praefe&amp;urae</span> <span class='ocrx_word' id='word_1_175' title='bbox 1098 3750 1314 3826; x_wconf 91' lang='lat' dir='ltr'>causa</span> <span class='ocrx_word' id='word_1_176' title='bbox 1352 3747 1636 3827; x_wconf 87' lang='lat' dir='ltr'>dicunt</span> <span class='ocrx_word' id='word_1_177' title='bbox 1669 3776 1854 3826; x_wconf 87' lang='lat' dir='ltr'>cum</span> <span class='ocrx_word' id='word_1_178' title='bbox 1920 3747 2149 3826; x_wconf 85' lang='lat' dir='ltr'>taedio</span> <span class='ocrx_word' id='word_1_179' title='bbox 2208 3753 2284 3829; x_wconf 73' lang='grc' dir='ltr'>δε</span> <span class='ocrx_word' id='word_1_180' title='bbox 2325 3777 2605 3857; x_wconf 85' lang='lat' dir='ltr'>angore</span> 
     </span>
    </p>
   </div>
   <div class='ocr_carea' id='block_1_9' title="bbox 340 3857 2739 3966">
    <p class='ocr_par' dir='ltr' id='par_1_10' title="bbox 340 3857 2739 3966">
     <span class='ocr_line' id='line_1_25' title="bbox 340 3857 2739 3966; baseline -0.002 -29"><span class='ocrx_word' id='word_1_181' title='bbox 340 3860 583 3940; x_wconf 86' lang='lat' dir='ltr'>vitam</span> <span class='ocrx_word' id='word_1_182' title='bbox 705 3857 968 3936; x_wconf 80' lang='lat' dir='ltr'>finiisse</span> <span class='ocrx_word' id='word_1_183' title='bbox 1102 3858 1262 3937; x_wconf 89' lang='lat' dir='ltr'>illic</span> <span class='ocrx_word' id='word_1_184' title='bbox 1334 3858 1510 3938; x_wconf 88' lang='lat' dir='ltr'>sane</span> <span class='ocrx_word' id='word_1_185' title='bbox 1605 3857 2205 3966; x_wconf 66' lang='lat' dir='ltr'>octogenarium.</span> <span class='ocrx_word' id='word_1_186' title='bbox 2368 3860 2610 3939; x_wconf 83' lang='lat' dir='ltr'>Porro</span> <span class='ocrx_word' id='word_1_187' title='bbox 2735 3926 2739 3932; x_wconf 87' lang='grc'><em>,</em></span> 
     </span>
    </p>
   </div>
   <div class='ocr_carea' id='block_1_10' title="bbox 344 3965 2609 4104">
    <p class='ocr_par' dir='ltr' id='par_1_11' title="bbox 344 3965 2609 4104">
     <span class='ocr_line' id='line_1_26' title="bbox 344 3965 2609 4104; baseline -0.001 -52"><span class='ocrx_word' id='word_1_188' title='bbox 344 3965 512 4052; x_wconf 82' lang='lat' dir='ltr'>haec</span> <span class='ocrx_word' id='word_1_189' title='bbox 590 3996 849 4104; x_wconf 49' lang='lat' dir='ltr'>neque</span> <span class='ocrx_word' id='word_1_190' title='bbox 915 3997 1090 4076; x_wconf 70' lang='lat' dir='ltr'>vera</span> <span class='ocrx_word' id='word_1_191' title='bbox 1163 3969 1465 4071; x_wconf 88' lang='lat' dir='ltr'>omnia,</span> <span class='ocrx_word' id='word_1_192' title='bbox 1541 3996 1682 4050; x_wconf 74' lang='lat' dir='ltr'>nec</span> <span class='ocrx_word' id='word_1_193' title='bbox 1758 3967 1939 4050; x_wconf 82' lang='lat' dir='ltr'>falsa</span> <span class='ocrx_word' id='word_1_194' title='bbox 1992 3999 2011 4047; x_wconf 72' lang='grc' dir='ltr'>ε</span> <span class='ocrx_word' id='word_1_195' title='bbox 2106 3970 2365 4081; x_wconf 76' lang='lat' dir='ltr'>Lipsio</span> <span class='ocrx_word' id='word_1_196' title='bbox 2428 3970 2609 4049; x_wconf 86' lang='lat' dir='ltr'>teste</span> 
     </span>
    </p>
   </div>
   <div class='ocr_carea' id='block_1_11' title="bbox 2378 4082 2702 4186">
    <p class='ocr_par' dir='ltr' id='par_1_12' title="bbox 2378 4082 2702 4186">
     <span class='ocr_line' id='line_1_27' title="bbox 2378 4082 2702 4186; baseline 0 -27"><span class='ocrx_word' id='word_1_197' title='bbox 2378 4082 2614 4161; x_wconf 86' lang='lat' dir='ltr'>citato</span> <span class='ocrx_word' id='word_1_198' title='bbox 2659 4181 2666 4186; x_wconf 15' lang='grc' dir='ltr'><em>ι</em></span> <span class='ocrx_word' id='word_1_199' title='bbox 2693 4103 2702 4114; x_wconf 78' lang='grc'><em>“</em></span> 
     </span>
    </p>
   </div>
  </div>
 </body>
</html>
